@INPROCEEDINGS{2014ASPC..485..277B,
   author = {{Boch}, T. and {Fernique}, P.},
    title = "{Aladin Lite: Embed your Sky in the Browser}",
booktitle = {Astronomical Data Analysis Software and Systems XXIII},
     year = 2014,
   series = {Astronomical Society of the Pacific Conference Series},
   volume = 485,
   editor = {{Manset}, N. and {Forshay}, P.},
    month = may,
    pages = {277},
   adsurl = {http://adsabs.harvard.edu/abs/2014ASPC..485..277B},
  adsnote = {Provided by the SAO/NASA Astrophysics Data System}
}
@ARTICLE{2017arXiv170208449A,
   author = {{Aihara}, H. and {Armstrong}, R. and {Bickerton}, S. and {Bosch}, J. and 
	{Coupon}, J. and {Furusawa}, H. and {Hayashi}, Y. and {Ikeda}, H. and 
	{Kamata}, Y. and {Karoji}, H. and {Kawanomoto}, S. and {Koike}, M. and 
	{Komiyama}, Y. and {Lupton}, R.~H. and {Mineo}, S. and {Miyatake}, H. and 
	{Miyazaki}, S. and {Morokuma}, T. and {Obuchi}, Y. and {Oishi}, Y. and 
	{Okura}, Y. and {Price}, P.~A. and {Takata}, T. and {Tanaka}, M.~M. and 
	{Tanaka}, M. and {Tanaka}, Y. and {Uchida}, T. and {Uraguchi}, F. and 
	{Utsumi}, Y. and {Wang}, S.-Y. and {Yamada}, Y. and {Yamanoi}, H. and 
	{Yasuda}, N. and {Arimoto}, N. and {Chiba}, M. and {Finet}, F. and 
	{Fujimori}, H. and {Fujimoto}, S. and {Furusawa}, J. and {Goto}, T. and 
	{Goulding}, A. and {Gunn}, J.~E. and {Harikane}, Y. and {Hattori}, T. and 
	{Hayashi}, M. and {Helminiak}, K.~G. and {Higuchi}, R. and {Hikage}, C. and 
	{Ho}, P.~T.~P. and {Hsieh}, B.-C. and {Huang}, K. and {Huang}, S. and 
	{Imanishi}, M. and {Iwata}, I. and {Jaelani}, A.~T. and {Jian}, H.-Y. and 
	{Kashikawa}, N. and {Katayama}, N. and {Kojima}, T. and {Konno}, A. and 
	{Koshida}, S. and {Kusakabe}, H. and {Leauthaud}, A. and {Lee}, C.-H. and 
	{Lin}, L. and {Lin}, Y.-T. and {Mandelbaum}, R. and {Matsuoka}, Y. and 
	{Medezinski}, E. and {Miyama}, S. and {Momose}, R. and {More}, A. and 
	{More}, S. and {Mukae}, S. and {Murata}, R. and {Murayama}, H. and 
	{Nagao}, T. and {Nakata}, F. and {Niikura}, H. and {Nishizawa}, A.~J. and 
	{Oguri}, M. and {Okabe}, N. and {Ono}, Y. and {Onodera}, M. and 
	{Onoue}, M. and {Ouchi}, M. and {Pyo}, T.-S. and {Shibuya}, T. and 
	{Shimasaku}, K. and {Simet}, M. and {Speagle}, J. and {Spergel}, D.~N. and 
	{Strauss}, M.~A. and {Sugahara}, Y. and {Sugiyama}, N. and {Suto}, Y. and 
	{Suzuki}, N. and {Tait}, P.~J. and {Takada}, M. and {Terai}, T. and 
	{Toba}, Y. and {Turner}, E.~L. and {Uchiyama}, H. and {Umetsu}, K. and 
	{Urata}, Y. and {Usuda}, T. and {Yeh}, S. and {Yuma}, S.},
    title = "{First Data Release of the Hyper Suprime-Cam Subaru Strategic Program}",
  journal = {ArXiv e-prints},
archivePrefix = "arXiv",
   eprint = {1702.08449},
 primaryClass = "astro-ph.IM",
 keywords = {Astrophysics - Instrumentation and Methods for Astrophysics, Astrophysics - Earth and Planetary Astrophysics, Astrophysics - Astrophysics of Galaxies, Astrophysics - High Energy Astrophysical Phenomena, Astrophysics - Solar and Stellar Astrophysics},
     year = 2017,
    month = feb,
   adsurl = {http://adsabs.harvard.edu/abs/2017arXiv170208449A},
  adsnote = {Provided by the SAO/NASA Astrophysics Data System}
}
@ARTICLE{2007MNRAS.381..865C,
   author = {{Calabretta}, M.~R. and {Roukema}, B.~F.},
    title = "{Mapping on the HEALPix grid}",
  journal = {\mnras},
 keywords = {methods: data analysis, methods: statistical, techniques: image processing, astronomical data bases: miscellaneous, cosmic microwave background, cosmology: observations},
     year = 2007,
    month = oct,
   volume = 381,
    pages = {865-872},
      doi = {10.1111/j.1365-2966.2007.12297.x},
   adsurl = {http://adsabs.harvard.edu/abs/2007MNRAS.381..865C},
  adsnote = {Provided by the SAO/NASA Astrophysics Data System}
}
@Article{PER-GRA:2007,
  Author    = {P\'erez, Fernando and Granger, Brian E.},
  Title     = {{IP}ython: a System for Interactive Scientific Computing},
  Journal   = {Computing in Science and Engineering},
  Volume    = {9},
  Number    = {3},
  Pages     = {21--29},
  month     = may,
  year      = 2007,
  url       = "http://ipython.org",
  ISSN      = "1521-9615",
  doi       = {10.1109/MCSE.2007.53},
  publisher = {IEEE Computer Society},
}
